@article{margolis2007ontology,
  title={The ontology of concepts-abstract objects or mental representations?},
  author={Margolis, Eric and Laurence, Stephen},
  journal={No{\^u}s},
  volume={41},
  number={4},
  pages={561--593},
  year={2007},
  publisher={JSTOR}
}

@inproceedings{goguen2005concept,
  title={What is a concept?},
  author={Goguen, Joseph},
  booktitle={International Conference on Conceptual Structures},
  pages={52--77},
  year={2005},
  organization={Springer}
}

@misc{ganter1997formal,
  title={Formal Concept Analysis: Mathematical Foundations},
  author={Ganter, Bernhard and Wille, Rudolf},
  year={1997},
  publisher={Springer-Verlag}
}


@inproceedings{koh2020concept,
  title={Concept bottleneck models},
  author={Koh, Pang Wei and Nguyen, Thao and Tang, Yew Siang and Mussmann, Stephen and Pierson, Emma and Kim, Been and Liang, Percy},
  booktitle={International Conference on Machine Learning},
  pages={5338--5348},
  year={2020},
  organization={PMLR}
}

@article{mahinpei2021promises,
  title={Promises and pitfalls of black-box concept learning models},
  author={Mahinpei, Anita and Clark, Justin and Lage, Isaac and Doshi-Velez, Finale and Pan, Weiwei},
  journal={arXiv preprint arXiv:2106.13314},
  year={2021}
}

@article{mao2019neuro,
  title={The neuro-symbolic concept learner: Interpreting scenes, words, and sentences from natural supervision},
  author={Mao, Jiayuan and Gan, Chuang and Kohli, Pushmeet and Tenenbaum, Joshua B and Wu, Jiajun},
  journal={arXiv preprint arXiv:1904.12584},
  year={2019}
}

@book{minsky2017perceptrons,
  title={Perceptrons: An introduction to computational geometry},
  author={Minsky, Marvin and Papert, Seymour A},
  year={1969},
  publisher={MIT press}
}

@article{kolchinsky2019nonlinear,
  title={Nonlinear information bottleneck},
  author={Kolchinsky, Artemy and Tracey, Brendan D and Wolpert, David H},
  journal={Entropy},
  volume={21},
  number={12},
  pages={1181},
  year={2019},
  publisher={Multidisciplinary Digital Publishing Institute}
}

@inproceedings{michael2018on,
title={On the Information Bottleneck Theory of Deep Learning},
author={Andrew Michael Saxe and Yamini Bansal and Joel Dapello and Madhu Advani and Artemy Kolchinsky and Brendan Daniel Tracey and David Daniel Cox},
booktitle={International Conference on Learning Representations},
year={2018},
url={https://openreview.net/forum?id=ry_WPG-A-},
}

@article{paszke2019pytorch,
  title={Pytorch: An imperative style, high-performance deep learning library},
  author={Paszke, Adam and Gross, Sam and Massa, Francisco and Lerer, Adam and Bradbury, James and Chanan, Gregory and Killeen, Trevor and Lin, Zeming and Gimelshein, Natalia and Antiga, Luca and others},
  journal={arXiv preprint arXiv:1912.01703},
  year={2019}
}

@article{pedregosa2011scikit,
  title={Scikit-learn: Machine learning in Python},
  author={Pedregosa, Fabian and Varoquaux, Ga{\"e}l and Gramfort, Alexandre and Michel, Vincent and Thirion, Bertrand and Grisel, Olivier and Blondel, Mathieu and Prettenhofer, Peter and Weiss, Ron and Dubourg, Vincent and others},
  journal={the Journal of machine Learning research},
  volume={12},
  pages={2825--2830},
  year={2011},
  publisher={JMLR. org}
}

@article{kazhdan2020now,
  title={Now you see me (CME): concept-based model extraction},
  author={Kazhdan, Dmitry and Dimanov, Botty and Jamnik, Mateja and Li{\`o}, Pietro and Weller, Adrian},
  journal={arXiv preprint arXiv:2010.13233},
  year={2020}
}

@inproceedings{fong2018net2vec,
  title={Net2vec: Quantifying and explaining how concepts are encoded by filters in deep neural networks},
  author={Fong, Ruth and Vedaldi, Andrea},
  booktitle={Proceedings of the IEEE conference on computer vision and pattern recognition},
  pages={8730--8738},
  year={2018}
}

@article{yeh2019completeness,
  title={On completeness-aware concept-based explanations in deep neural networks},
  author={Yeh, Chih-Kuan and Kim, Been and Arik, Sercan O and Li, Chun-Liang and Pfister, Tomas and Ravikumar, Pradeep},
  journal={arXiv preprint arXiv:1910.07969},
  year={2019}
}


@article{shwartz2017opening,
  title={Opening the black box of deep neural networks via information},
  author={Shwartz-Ziv, Ravid and Tishby, Naftali},
  journal={arXiv preprint arXiv:1703.00810},
  year={2017}
}

@article{tishby2000information,
  title={The information bottleneck method},
  author={Tishby, Naftali and Pereira, Fernando C and Bialek, William},
  journal={arXiv preprint physics/0004057},
  year={2000}
}

@article{cortes1995support,
  title={Support-vector networks},
  author={Cortes, Corinna and Vapnik, Vladimir},
  journal={Machine learning},
  volume={20},
  number={3},
  pages={273--297},
  year={1995},
  publisher={Springer}
}

@article{aizerman1964theoretical,
  title={Theoretical foundations of the potential function method in pattern recognition learning},
  author={Aizerman, Mark A},
  journal={Automation and remote control},
  volume={25},
  pages={821--837},
  year={1964}
}

@article{hughes1968mean,
  title={On the mean accuracy of statistical pattern recognizers},
  author={Hughes, Gordon},
  journal={IEEE transactions on information theory},
  volume={14},
  number={1},
  pages={55--63},
  year={1968},
  publisher={IEEE}
}

@article{chen2019looks,
  title={This looks like that: deep learning for interpretable image recognition},
  author={Chen, Chaofan and Li, Oscar and Tao, Daniel and Barnett, Alina and Rudin, Cynthia and Su, Jonathan K},
  journal={Advances in neural information processing systems},
  volume={32},
  year={2019}
}

@article{gorban2020high,
  title={High-dimensional brain in a high-dimensional world: Blessing of dimensionality},
  author={Gorban, Alexander N and Makarov, Valery A and Tyukin, Ivan Y},
  journal={Entropy},
  volume={22},
  number={1},
  pages={82},
  year={2020},
  publisher={Multidisciplinary Digital Publishing Institute}
}

@article{margeloiu2021concept,
  title={Do Concept Bottleneck Models Learn as Intended?},
  author={Margeloiu, Andrei and Ashman, Matthew and Bhatt, Umang and Chen, Yanzhi and Jamnik, Mateja and Weller, Adrian},
  journal={arXiv preprint arXiv:2105.04289},
  year={2021}
}

@inproceedings{kim2018interpretability,
  title={Interpretability beyond feature attribution: Quantitative testing with concept activation vectors (tcav)},
  author={Kim, Been and Wattenberg, Martin and Gilmer, Justin and Cai, Carrie and Wexler, James and Viegas, Fernanda and others},
  booktitle={International conference on machine learning},
  pages={2668--2677},
  year={2018},
  organization={PMLR}
}

@article{arrieta2020explainable,
  title={Explainable Artificial Intelligence (XAI): Concepts, taxonomies, opportunities and challenges toward responsible AI},
  author={Arrieta, Alejandro Barredo and D{\'\i}az-Rodr{\'\i}guez, Natalia and Del Ser, Javier and Bennetot, Adrien and Tabik, Siham and Barbado, Alberto and Garc{\'\i}a, Salvador and Gil-L{\'o}pez, Sergio and Molina, Daniel and Benjamins, Richard and others},
  journal={Information Fusion},
  volume={58},
  pages={82--115},
  year={2020},
  publisher={Elsevier}
}

@inproceedings{sundararajan2017axiomatic,
  title={Axiomatic attribution for deep networks},
  author={Sundararajan, Mukund and Taly, Ankur and Yan, Qiqi},
  booktitle={International conference on machine learning},
  pages={3319--3328},
  year={2017},
  organization={PMLR}
}

@article{kindermans2017learning,
  title={Learning how to explain neural networks: Patternnet and patternattribution},
  author={Kindermans, Pieter-Jan and Sch{\"u}tt, Kristof T and Alber, Maximilian and M{\"u}ller, Klaus-Robert and Erhan, Dumitru and Kim, Been and D{\"a}hne, Sven},
  journal={arXiv preprint arXiv:1705.05598},
  year={2017}
}

@article{selvaraju2016grad,
  title={Grad-CAM: Why did you say that?},
  author={Selvaraju, Ramprasaath R and Das, Abhishek and Vedantam, Ramakrishna and Cogswell, Michael and Parikh, Devi and Batra, Dhruv},
  journal={arXiv preprint arXiv:1611.07450},
  year={2016}
}

@article{huai2022towards,
  title={Towards Automating Model Explanations with Certified Robustness Guarantees},
  author={Huai, Mengdi and Liu, Jinduo and Miao, Chenglin and Yao, Liuyi and Zhang, Aidong},
  year={2022}
}

@article{alvarez2018towards,
  title={Towards robust interpretability with self-explaining neural networks},
  author={Alvarez-Melis, David and Jaakkola, Tommi S},
  journal={arXiv preprint arXiv:1806.07538},
  year={2018}
}

@article{losch2019interpretability,
  title={Interpretability beyond classification output: Semantic bottleneck networks},
  author={Losch, Max and Fritz, Mario and Schiele, Bernt},
  journal={arXiv preprint arXiv:1907.10882},
  year={2019}
}

@article{goyal2019explaining,
  title={{Explaining classifiers with causal concept effect (CaCE)}},
  author={Goyal, Yash and Feder, Amir and Shalit, Uri and Kim, Been},
  journal={arXiv preprint arXiv:1907.07165},
  year={2019}
}
@article{o2020generative,
  title={Generative causal explanations of black-box classifiers},
  author={O'Shaughnessy, Matthew and Canal, Gregory and Connor, Marissa and Rozell, Christopher and Davenport, Mark},
  journal={Advances in Neural Information Processing Systems},
  volume={33},
  pages={5453--5467},
  year={2020}
}

@article{adebayo2018sanity,
  title={Sanity checks for saliency maps},
  author={Adebayo, Julius and Gilmer, Justin and Muelly, Michael and Goodfellow, Ian and Hardt, Moritz and Kim, Been},
  journal={Advances in neural information processing systems},
  volume={31},
  year={2018}
}

@incollection{kindermans2019reliability,
  title={The (un) reliability of saliency methods},
  author={Kindermans, Pieter-Jan and Hooker, Sara and Adebayo, Julius and Alber, Maximilian and Sch{\"u}tt, Kristof T and D{\"a}hne, Sven and Erhan, Dumitru and Kim, Been},
  booktitle={Explainable AI: Interpreting, Explaining and Visualizing Deep Learning},
  pages={267--280},
  year={2019},
  publisher={Springer}
}
@inproceedings{ghorbani2019interpretation,
  title={Interpretation of neural networks is fragile},
  author={Ghorbani, Amirata and Abid, Abubakar and Zou, James},
  booktitle={Proceedings of the AAAI conference on artificial intelligence},
  volume={33},
  number={01},
  pages={3681--3688},
  year={2019}
}

@article{dombrowski2019explanations,
  title={Explanations can be manipulated and geometry is to blame},
  author={Dombrowski, Ann-Kathrin and Alber, Maximillian and Anders, Christopher and Ackermann, Marcel and M{\"u}ller, Klaus-Robert and Kessel, Pan},
  journal={Advances in Neural Information Processing Systems},
  volume={32},
  year={2019}
}

@inproceedings{bau2017network,
  title={Network dissection: Quantifying interpretability of deep visual representations},
  author={Bau, David and Zhou, Bolei and Khosla, Aditya and Oliva, Aude and Torralba, Antonio},
  booktitle={Proceedings of the IEEE conference on computer vision and pattern recognition},
  pages={6541--6549},
  year={2017}
}

@article{ghorbani2019towards,
  title={Towards automatic concept-based explanations},
  author={Ghorbani, Amirata and Wexler, James and Zou, James and Kim, Been},
  journal={arXiv preprint arXiv:1902.03129},
  year={2019}
}

@article{magister2021gcexplainer,
  title={GCExplainer: Human-in-the-Loop Concept-based Explanations for Graph Neural Networks},
  author={Magister, Lucie Charlotte and Kazhdan, Dmitry and Singh, Vikash and Li{\`o}, Pietro},
  journal={arXiv preprint arXiv:2107.11889},
  year={2021}
}

@article{barbiero2021entropy,
  title={Entropy-based Logic Explanations of Neural Networks},
  author={Barbiero, Pietro and Ciravegna, Gabriele and Giannini, Francesco and Li{\'o}, Pietro and Gori, Marco and Melacci, Stefano},
  journal={Proceedings of the AAAI conference on artificial intelligence},
  url={https://arxiv.org/abs/2106.06804},
  note={[Printing]},
  year={2021},
}

@article{chen2020concept,
  title={Concept whitening for interpretable image recognition},
  author={Chen, Zhi and Bei, Yijie and Rudin, Cynthia},
  journal={Nature Machine Intelligence},
  volume={2},
  number={12},
  pages={772--782},
  year={2020},
  publisher={Nature Publishing Group}
}

@article{schwalbe2022concept,
  title={Concept Embeddings for Fuzzy Logic Verification of Deep Neural Networks in Perception Tasks},
  author={Schwalbe, Gesina and Wirth, Christian and Schmid, Ute},
  journal={arXiv preprint arXiv:2201.00572},
  year={2022}
}

@article{cao2020concept,
  title={Concept learners for few-shot learning},
  author={Cao, Kaidi and Brbic, Maria and Leskovec, Jure},
  journal={arXiv preprint arXiv:2007.07375},
  year={2020}
}

@inproceedings{tokmakov2019learning,
  title={Learning compositional representations for few-shot recognition},
  author={Tokmakov, Pavel and Wang, Yu-Xiong and Hebert, Martial},
  booktitle={Proceedings of the IEEE/CVF International Conference on Computer Vision},
  pages={6372--6381},
  year={2019}
}

@book{murphy2012machine,
  title={Machine learning: a probabilistic perspective},
  author={Murphy, Kevin P},
  year={2012},
  publisher={MIT press}
}

@article{lu2017expressive,
  title={The expressive power of neural networks: A view from the width},
  author={Lu, Zhou and Pu, Hongming and Wang, Feicheng and Hu, Zhiqiang and Wang, Liwei},
  journal={Advances in neural information processing systems},
  volume={30},
  year={2017}
}

@article{li2018deep,
  title={Deep supervision with intermediate concepts},
  author={Li, Chi and Zia, M Zeeshan and Tran, Quoc-Huy and Yu, Xiang and Hager, Gregory D and Chandraker, Manmohan},
  journal={IEEE transactions on pattern analysis and machine intelligence},
  volume={41},
  number={8},
  pages={1828--1843},
  year={2018},
  publisher={IEEE}
}

@article{wah2011caltech,
  title={The caltech-ucsd birds-200-2011 dataset},
  author={Wah, Catherine and Branson, Steve and Welinder, Peter and Perona, Pietro and Belongie, Serge},
  year={2011},
  publisher={California Institute of Technology}
}

@article{yang2020boundary,
  title={Boundary thickness and robustness in learning models},
  author={Yang, Yaoqing and Khanna, Rajiv and Yu, Yaodong and Gholami, Amir and Keutzer, Kurt and Gonzalez, Joseph E and Ramchandran, Kannan and Mahoney, Michael W},
  journal={Advances in Neural Information Processing Systems},
  volume={33},
  pages={6223--6234},
  year={2020}
}

@article{sokolic2017robust,
  title={Robust large margin deep neural networks},
  author={Sokoli{\'c}, Jure and Giryes, Raja and Sapiro, Guillermo and Rodrigues, Miguel RD},
  journal={IEEE Transactions on Signal Processing},
  volume={65},
  number={16},
  pages={4265--4280},
  year={2017},
  publisher={IEEE}
}

@article{bartlett1996valid,
  title={For valid generalization the size of the weights is more important than the size of the network},
  author={Bartlett, Peter},
  journal={Advances in neural information processing systems},
  volume={9},
  year={1996}
}

@article{kearns1994efficient,
  title={Efficient distribution-free learning of probabilistic concepts},
  author={Kearns, Michael J and Schapire, Robert E},
  journal={Journal of Computer and System Sciences},
  volume={48},
  number={3},
  pages={464--497},
  year={1994},
  publisher={Elsevier}
}

@article{bartlett1998boosting,
  title={Boosting the margin: A new explanation for the effectiveness of voting methods},
  author={Bartlett, Peter and Freund, Yoav and Lee, Wee Sun and Schapire, Robert E},
  journal={The annals of statistics},
  volume={26},
  number={5},
  pages={1651--1686},
  year={1998},
  publisher={Institute of Mathematical Statistics}
}

@inproceedings{vapnik1968uniform,
  title={On the uniform convergence of relative frequencies of events to their probabilities},
  author={Vapnik, Vladimir},
  booktitle={Doklady Akademii Nauk USSR},
  volume={181},
  number={4},
  pages={781--787},
  year={1968}
}

@article{shawe1998structural,
  title={Structural risk minimization over data-dependent hierarchies},
  author={Shawe-Taylor, John and Bartlett, Peter L and Williamson, Robert C and Anthony, Martin},
  journal={IEEE transactions on Information Theory},
  volume={44},
  number={5},
  pages={1926--1940},
  year={1998},
  publisher={IEEE}
}

@article{shawe2002generalization,
  title={On the generalization of soft margin algorithms},
  author={Shawe-Taylor, John and Cristianini, Nello},
  journal={IEEE Transactions on Information Theory},
  volume={48},
  number={10},
  pages={2721--2735},
  year={2002},
  publisher={IEEE}
}

@article{freund1997decision,
  title={A decision-theoretic generalization of on-line learning and an application to boosting},
  author={Freund, Yoav and Schapire, Robert E},
  journal={Journal of computer and system sciences},
  volume={55},
  number={1},
  pages={119--139},
  year={1997},
  publisher={Elsevier}
}

@article{van2008visualizing,
  title={Visualizing data using t-SNE.},
  author={Van der Maaten, Laurens and Hinton, Geoffrey},
  journal={Journal of machine learning research},
  volume={9},
  number={11},
  year={2008}
}

@inproceedings{liu2015deep,
  title={Deep learning face attributes in the wild},
  author={Liu, Ziwei and Luo, Ping and Wang, Xiaogang and Tang, Xiaoou},
  booktitle={Proceedings of the IEEE international conference on computer vision},
  pages={3730--3738},
  year={2015}
}

@inproceedings{rosenberg2007v,
  title={V-measure: A conditional entropy-based external cluster evaluation measure},
  author={Rosenberg, Andrew and Hirschberg, Julia},
  booktitle={Proceedings of the 2007 joint conference on empirical methods in natural language processing and computational natural language learning (EMNLP-CoNLL)},
  pages={410--420},
  year={2007}
}

@article{kaufman1990partitioning,
  title={Partitioning around medoids (program pam)},
  author={Kaufman, Leonard and Rousseeuw, Peter J},
  journal={Finding groups in data: an introduction to cluster analysis},
  volume={344},
  pages={68--125},
  year={1990}
}


@incollection{ras2018explanation,
  title={Explanation methods in deep learning: Users, values, concerns and challenges},
  author={Ras, Gabri{\"e}lle and van Gerven, Marcel and Haselager, Pim},
  booktitle={Explainable and Interpretable Models in Computer Vision and Machine Learning},
  pages={19--36},
  year={2018},
  publisher={Springer}
}

@article{rudin2021interpretable,
  title={Interpretable machine learning: Fundamental principles and 10 grand challenges},
  author={Rudin, Cynthia and Chen, Chaofan and Chen, Zhi and Huang, Haiyang and Semenova, Lesia and Zhong, Chudi},
  journal={arXiv preprint arXiv:2103.11251},
  year={2021}
}


@misc{gdpr2017,
  title={GDPR. General data protection regulation.},
  author={EUGDPR},
  year={2017}
}

@article{goddard2017eu,
  title={The EU General Data Protection Regulation (GDPR): European regulation that has a global impact},
  author={Goddard, Michelle},
  journal={International Journal of Market Research},
  volume={59},
  number={6},
  pages={703--705},
  year={2017},
  publisher={SAGE Publications Sage UK: London, England}
}


@article{law10code,
  title={Code of federal regulations},
  author={Law, Public Authorities},
  journal={Wash.: Gov. print. off},
  year={10}
}

@article{ciravegna2021logic,
  title={Logic explained networks},
  author={Ciravegna, Gabriele and Barbiero, Pietro and Giannini, Francesco and Gori, Marco and Li{\'o}, Pietro and Maggini, Marco and Melacci, Stefano},
  journal={Artificial Intelligence},
  url={https://arxiv.org/abs/2108.05149},
  note={[Under review]},
  year={2021}
}


@article{miller1956magical,
  title={The magical number seven, plus or minus two: Some limits on our capacity for processing information},
  author={Miller, George Armitage},
  journal={Psychological review},
  volume={63},
  pages={81--97},
  year={1956},
  publisher={American Psychological Association (PsycARTICLES)}
}

@article{forgy1965cluster,
  title={Cluster analysis of multivariate data: efficiency versus interpretability of classifications},
  author={Forgy, Edward W},
  journal={biometrics},
  volume={21},
  pages={768--769},
  year={1965}
}


@article{ying2019gnnexplainer,
  title={Gnnexplainer: Generating explanations for graph neural networks},
  author={Ying, Zhitao and Bourgeois, Dylan and You, Jiaxuan and Zitnik, Marinka and Leskovec, Jure},
  journal={Advances in neural information processing systems},
  volume={32},
  year={2019}
}

@article{luo2020parameterized,
  title={Parameterized explainer for graph neural network},
  author={Luo, Dongsheng and Cheng, Wei and Xu, Dongkuan and Yu, Wenchao and Zong, Bo and Chen, Haifeng and Zhang, Xiang},
  journal={Advances in neural information processing systems},
  volume={33},
  pages={19620--19631},
  year={2020}
}

@article{vu2020pgm,
  title={Pgm-explainer: Probabilistic graphical model explanations for graph neural networks},
  author={Vu, Minh and Thai, My T},
  journal={Advances in neural information processing systems},
  volume={33},
  pages={12225--12235},
  year={2020}
}

@article{morris2020tudataset,
  title={Tudataset: A collection of benchmark datasets for learning with graphs},
  author={Morris, Christopher and Kriege, Nils M and Bause, Franka and Kersting, Kristian and Mutzel, Petra and Neumann, Marion},
  journal={arXiv preprint arXiv:2007.08663},
  year={2020}
}

@article{yeh2020completeness,
  title={On completeness-aware concept-based explanations in deep neural networks},
  author={Yeh, Chih-Kuan and Kim, Been and Arik, Sercan and Li, Chun-Liang and Pfister, Tomas and Ravikumar, Pradeep},
  journal={Advances in Neural Information Processing Systems},
  volume={33},
  pages={20554--20565},
  year={2020}
}

@article{scarselli2008graph,
  title={The graph neural network model},
  author={Scarselli, Franco and Gori, Marco and Tsoi, Ah Chung and Hagenbuchner, Markus and Monfardini, Gabriele},
  journal={IEEE transactions on neural networks},
  volume={20},
  number={1},
  pages={61--80},
  year={2008},
  publisher={IEEE}
}

@article{siciliano2021newron,
  title={NEWRON: A New Generalization of the Artificial Neuron to Enhance the Interpretability of Neural Networks},
  author={Siciliano, Federico and Bucarelli, Maria Sofia and Tolomei, Gabriele and Silvestri, Fabrizio},
  journal={arXiv preprint arXiv:2110.02775},
  year={2021}
}

@article{barabasi1999emergence,
  title={Emergence of scaling in random networks},
  author={Barab{\'a}si, Albert-L{\'a}szl{\'o} and Albert, R{\'e}ka},
  journal={science},
  volume={286},
  number={5439},
  pages={509--512},
  year={1999},
  publisher={American Association for the Advancement of Science}
}


@article{Bacciu2020gnn,
archivePrefix = {arXiv},
arxivId = {1912.12693},
author = {Bacciu, Davide and Errica, Federico and Micheli, Alessio and Podda, Marco},
doi = {10.1016/j.neunet.2020.06.006},
eprint = {1912.12693},
issn = {18792782},
journal = {Neural Networks},
month = {sep},
pages = {203--221},
pmid = {32559609},
publisher = {Elsevier Ltd},
title = {{A gentle introduction to deep learning for graphs}},
url = {https://www.sciencedirect.com/science/article/abs/pii/S0893608020302197},
volume = {129},
year = {2020}
}

@inproceedings{Kipf2016GCNConv,
archivePrefix = {arXiv},
arxivId = {1609.02907},
author = {Kipf, Thomas N. and Welling, Max},
booktitle = {5th International Conference on Learning Representations, ICLR 2017 - Conference Track Proceedings},
eprint = {1609.02907},
mendeley-groups = {Dissertation},
month = {sep},
pages = {11313--11320},
publisher = {International Conference on Learning Representations, ICLR},
title = {{Semi-Supervised Classification with Graph Convolutional Networks}},
url = {http://arxiv.org/abs/1609.02907},
year = {2016}
}

@inproceedings{xu2018GINConv,
title={How Powerful are Graph Neural Networks?},
author={Keyulu Xu and Weihua Hu and Jure Leskovec and Stefanie Jegelka},
booktitle={International Conference on Learning Representations},
year={2019},
url={https://openreview.net/forum?id=ryGs6iA5Km},
}

@inproceedings{zhang2018unreasonable,
  title={The unreasonable effectiveness of deep features as a perceptual metric},
  author={Zhang, Richard and Isola, Phillip and Efros, Alexei A and Shechtman, Eli and Wang, Oliver},
  booktitle={Proceedings of the IEEE conference on computer vision and pattern recognition},
  pages={586--595},
  year={2018}
}

@inproceedings{gilmer2017neural,
  title={Neural message passing for quantum chemistry},
  author={Gilmer, Justin and Schoenholz, Samuel S and Riley, Patrick F and Vinyals, Oriol and Dahl, George E},
  booktitle={International conference on machine learning},
  pages={1263--1272},
  year={2017},
  organization={PMLR}
}

@article{rudin2019stop,
  title={Stop explaining black box machine learning models for high stakes decisions and use interpretable models instead},
  author={Rudin, Cynthia},
  journal={Nature Machine Intelligence},
  volume={1},
  number={5},
  pages={206--215},
  year={2019},
  publisher={Nature Publishing Group}
}



@article{shen2022trust,
  title={Trust in AI: Interpretability is not necessary or sufficient, while black-box interaction is necessary and sufficient},
  author={Shen, Max W},
  journal={arXiv preprint arXiv:2202.05302},
  year={2022}
}


@article{duran2021afraid,
  title={Who is afraid of black box algorithms? On the epistemological and ethical basis of trust in medical AI},
  author={Dur{\'a}n, Juan Manuel and Jongsma, Karin Rolanda},
  journal={Journal of Medical Ethics},
  volume={47},
  number={5},
  pages={329--335},
  year={2021},
  publisher={Institute of Medical Ethics}
}


@article{lo2020ethical,
  title={Ethical principles in machine learning and artificial intelligence: cases from the field and possible ways forward},
  author={Lo Piano, Samuele},
  journal={Humanities and Social Sciences Communications},
  volume={7},
  number={1},
  pages={1--7},
  year={2020},
  publisher={Palgrave}
}

@article{wachter2017counterfactual,
  title={Counterfactual explanations without opening the black box: Automated decisions and the GDPR},
  author={Wachter, Sandra and Mittelstadt, Brent and Russell, Chris},
  journal={Harv. JL \& Tech.},
  volume={31},
  pages={841},
  year={2017},
  publisher={HeinOnline}
}

@article{stokes2020deep,
  title={A deep learning approach to antibiotic discovery},
  author={Stokes, Jonathan M and Yang, Kevin and Swanson, Kyle and Jin, Wengong and Cubillos-Ruiz, Andres and Donghia, Nina M and MacNair, Craig R and French, Shawn and Carfrae, Lindsey A and Bloom-Ackermann, Zohar and others},
  journal={Cell},
  volume={180},
  number={4},
  pages={688--702},
  year={2020},
  publisher={Elsevier}
}

@inproceedings{pal2020pinnersage,
  title={Pinnersage: Multi-modal user embedding framework for recommendations at pinterest},
  author={Pal, Aditya and Eksombatchai, Chantat and Zhou, Yitong and Zhao, Bo and Rosenberg, Charles and Leskovec, Jure},
  booktitle={Proceedings of the 26th ACM SIGKDD International Conference on Knowledge Discovery \& Data Mining},
  pages={2311--2320},
  year={2020}
}

@article{battaglia2016interaction,
  title={Interaction networks for learning about objects, relations and physics},
  author={Battaglia, Peter and Pascanu, Razvan and Lai, Matthew and Jimenez Rezende, Danilo and others},
  journal={Advances in neural information processing systems},
  volume={29},
  year={2016}
}


@article{davies2021advancing,
  title={Advancing mathematics by guiding human intuition with AI},
  author={Davies, Alex and Veli{\v{c}}kovi{\'c}, Petar and Buesing, Lars and Blackwell, Sam and Zheng, Daniel and Toma{\v{s}}ev, Nenad and Tanburn, Richard and Battaglia, Peter and Blundell, Charles and Juh{\'a}sz, Andr{\'a}s and others},
  journal={Nature},
  volume={600},
  number={7887},
  pages={70--74},
  year={2021},
  publisher={Nature Publishing Group}
}

@article{pearl1995causal,
  title={Causal diagrams for empirical research},
  author={Pearl, Judea},
  journal={Biometrika},
  volume={82},
  number={4},
  pages={669--688},
  year={1995},
  publisher={Oxford University Press}
}

@article{kazhdan2020meme,
  title={MEME: generating RNN model explanations via model extraction},
  author={Kazhdan, Dmitry and Dimanov, Botty and Jamnik, Mateja and Li{\`o}, Pietro},
  journal={arXiv preprint arXiv:2012.06954},
  year={2020}
}

@inproceedings{lucic2022cf,
  title={Cf-gnnexplainer: Counterfactual explanations for graph neural networks},
  author={Lucic, Ana and Ter Hoeve, Maartje A and Tolomei, Gabriele and De Rijke, Maarten and Silvestri, Fabrizio},
  booktitle={International Conference on Artificial Intelligence and Statistics},
  pages={4499--4511},
  year={2022},
  organization={PMLR}
}

@article{bajaj2021robust,
  title={Robust counterfactual explanations on graph neural networks},
  author={Bajaj, Mohit and Chu, Lingyang and Xue, Zi Yu and Pei, Jian and Wang, Lanjun and Lam, Peter Cho-Ho and Zhang, Yong},
  journal={Advances in Neural Information Processing Systems},
  volume={34},
  year={2021}
}

@article{breiman1984classification,
  title={Classification and Regression Trees},
  author={Breiman, L and Friedman, JH and Olshen, R and Stone, CJ},
  year={1984},
  publisher={Wadsworth}
}

@article{zhou2021evaluating,
  title={Evaluating the quality of machine learning explanations: A survey on methods and metrics},
  author={Zhou, Jianlong and Gandomi, Amir H and Chen, Fang and Holzinger, Andreas},
  journal={Electronics},
  volume={10},
  number={5},
  pages={593},
  year={2021},
  publisher={Multidisciplinary Digital Publishing Institute}
}

@inproceedings{Fey/Lenssen/2019,
  title={Fast Graph Representation Learning with {PyTorch Geometric}},
  author={Fey, Matthias and Lenssen, Jan E.},
  booktitle={ICLR Workshop on Representation Learning on Graphs and Manifolds},
  year={2019},
}

@article{magister2022encoding,
  title={Encoding Concepts in Graph Neural Networks},
  author={Magister, Lucie Charlotte and Barbiero, Pietro and Kazhdna, Dmitry and Siciliano, Federico and Ciravegna, Gabriele and Silvestri, Fabrizio and Li{\`o}, Pietro and Jamnik, Mateja},
  journal={Advances in neural information processing systems},
  note={[Under review]},
  year={2022}
}

@article{zarlenga2021quality,
  title={On The Quality Assurance Of Concept-Based Representations},
  author={Zarlenga, Mateo Espinosa and Barbiero, Pietro and Shams, Zohreh and Kazhdan, Dmitry and Bhatt, Umang and Weller, Adrian and Jamnik, Mateja},
  journal={Advances in neural information processing systems},
  url={https://openreview.net/pdf?id=Ehhk6jyas6v},
  note={[Under review]},
  year={2021}
}

@article{zarlenga2022concept,
  title={Concept Embedding Models},
  author={Zarlenga, Mateo Espinosa and Barbiero, Pietro and Ciravegna, Gabriele and Marra, Giuseppe and Giannini, Francesco and Diligenti, Michelangelo and Shams, Zohreh and Precioso, Frederic and Melacci, Stefano and Weller, Adrian and Li{\`o}, Pietro and Jamnik, Mateja},
  journal={Advances in neural information processing systems},
  note={[Under review]},
  year={2021}
}

@article{geirhos2020shortcut,
  title={Shortcut learning in deep neural networks},
  author={Geirhos, Robert and Jacobsen, J{\"o}rn-Henrik and Michaelis, Claudio and Zemel, Richard and Brendel, Wieland and Bethge, Matthias and Wichmann, Felix A},
  journal={Nature Machine Intelligence},
  volume={2},
  number={11},
  pages={665--673},
  year={2020},
  publisher={Nature Publishing Group}
}

@article{laubenbacher2021using,
  title={Using digital twins in viral infection},
  author={Laubenbacher, Reinhard and Sluka, James P and Glazier, James A},
  journal={Science},
  volume={371},
  number={6534},
  pages={1105--1106},
  year={2021},
  publisher={American Association for the Advancement of Science}
}

@article{georgiev2021algorithmic,
  title={Algorithmic Concept-based Explainable Reasoning},
  author={Georgiev, Dobrik and Barbiero, Pietro and Kazhdan, Dmitry and Veli{\v{c}}kovi{\'c}, Petar and Li{\`o}, Pietro},
  journal={Proceedings of the AAAI conference on artificial intelligence},
  url={https://arxiv.org/abs/2107.07493v1},
  note={[Printing]},
  year={2021}
}

@article{barbiero2021pytorch,
  title={PyTorch, Explain! A Python library for Logic Explained Networks},
  author={Barbiero, Pietro and Ciravegna, Gabriele and Georgiev, Dobrik and Giannini, Franscesco},
  journal={arXiv preprint arXiv:2105.11697},
  url={https://arxiv.org/abs/2105.11697},
  year={2021}
}

@article{barbiero2021graph,
  title={Graph Representation Forecasting of Patient's Medical Conditions: Toward a Digital Twin},
  author={Barbiero, Pietro and Torn{\'e}, Ramon Vi{\~n}as and Li{\'o}, Pietro},
  journal={Frontiers in genetics},
  volume={12},
  year={2021},
  publisher={Frontiers Media SA},
  url={https://www.frontiersin.org/articles/10.3389/fgene.2021.652907/full},
}

@inproceedings{barbiero2021predictable,
  title={Predictable Features Elimination: An Unsupervised Approach to Feature Selection},
  author={Barbiero, Pietro and Squillero, Giovanni and Tonda, Alberto},
  booktitle={International Conference on Machine Learning, Optimization, and Data Science},
  pages={399--412},
  year={2021},
  organization={Springer}
}

@article{lovino2022survey,
  title={A survey on data integration for multi-omics sample clustering},
  author={Lovino, Marta and Randazzo, Vincenzo and Ciravegna, Gabriele and Barbiero, Pietro and Ficarra, Elisa and Cirrincione, Giansalvo},
  journal={Neurocomputing},
  volume={488},
  pages={494--508},
  year={2022},
  publisher={Elsevier}
}

@incollection{ciravegna2021discovering,
  title={Discovering hierarchical neural archetype sets},
  author={Ciravegna, Gabriele and Barbiero, Pietro and Cirrincione, Giansalvo and Squillero, Giovanni and Tonda, Alberto},
  booktitle={Progresses in Artificial Intelligence and Neural Systems},
  pages={255--267},
  year={2021},
  publisher={Springer}
}

@article{barbiero2020modeling,
  title={Modeling generalization in machine learning: A methodological and computational study},
  author={Barbiero, Pietro and Squillero, Giovanni and Tonda, Alberto},
  journal={arXiv preprint arXiv:2006.15680},
  year={2020}
}

@article{barbiero2020computational,
  title={The computational patient has diabetes and a covid},
  author={Barbiero, Pietro and Li{\'o}, Pietro},
  journal={arXiv preprint arXiv:2006.06435},
  year={2020}
}

@inproceedings{jain2022extending,
  title={Extending Logic Explained Networks to Text Classification},
  author={Jain, Rishabh and Ciravegna, Gabriele and Barbiero, Pietro and Giannini, Francesco and Buffelli, Davide and Li{\'o}, Pietro},
  booktitle={Empirical Methods in Natural Language Processing},
  note={[Under review]},
  year={2022}
}

@article{marcus2022very,
  title={A very preliminary analysis of DALL-E 2},
  author={Marcus, Gary and Davis, Ernest and Aaronson, Scott},
  journal={arXiv preprint arXiv:2204.13807},
  year={2022}
}


@article{kidwai2023forecasts,
  title={Forecasts of mRNA expression profiles: identifying four response-predictive genes in Asthma patients},
  author={Kidwai, Sarah and Barbiero, Pietro and Meijerman, Irma and Tonda, Alberto and Lopez-Rincon, Alejandro and Li{\'o}, Pietro and Kraneveld, Aletta},
  journal={arXiv preprint arXiv:XXXX.YYYYY},
  year={2023}
}

@inproceedings{georgiev2022algorithmic,
  title={Algorithmic Concept-Based Explainable Reasoning},
  author={Georgiev, Dobrik and Barbiero, Pietro and Kazhdan, Dmitry and Veli{\v{c}}kovi{\'c}, Petar and Li{\`o}, Pietro},
  booktitle={Proceedings of the AAAI Conference on Artificial Intelligence},
  volume={36},
  number={6},
  pages={6685--6693},
  year={2022}
}

@article{barbiero2021lens,
  title={PyTorch, Explain! A Python library for Logic Explained Networks},
  author={Barbiero, Pietro and Ciravegna, Gabriele and Georgiev, Dobrik and Giannini, Franscesco},
  journal={arXiv preprint arXiv:2105.11697},
  year={2021}
}

@article{pemstein2018v,
  title={The V-Dem measurement model: latent variable analysis for cross-national and cross-temporal expert-coded data},
  author={Pemstein, Daniel and Marquardt, Kyle L and Tzelgov, Eitan and Wang, Yi-ting and Krusell, Joshua and Miri, Farhad},
  journal={V-Dem Working Paper},
  volume={21},
  year={2018}
}

@article{marler2004survey,
  title={Survey of multi-objective optimization methods for engineering},
  author={Marler, R Timothy and Arora, Jasbir S},
  journal={Structural and multidisciplinary optimization},
  volume={26},
  number={6},
  pages={369--395},
  year={2004},
  publisher={Springer}
}


@techreport{wah2011caltech,
	Title = {{The Caltech-UCSD Birds-200-2011 Dataset}},
	Author = {Wah, C. and Branson, S. and Welinder, P. and Perona, P. and Belongie, S.},
	Year = {2011},
	Institution = {California Institute of Technology},
	Number = {CNS-TR-2011-001}
}

@misc{coppedge2021v,
  title={V-Dem Codebook v11},
  author={Coppedge, Michael and Gerring, John and Knutsen, Carl Henrik and Lindberg, Staffan I and Teorell, Jan and Altman, David and Bernhard, Michael and Cornell, Agnes and Fish, M Steven and Gastaldi, Lisa and others},
  year={2021}
}


@book{mendelson2009introduction,
  title={Introduction to mathematical logic},
  author={Mendelson, Elliott},
  year={2009},
  publisher={CRC press}
}

@book{molnar2020interpretable,
  title={Interpretable machine learning},
  author={Molnar, Christoph},
  year={2020},
  publisher={Lulu. com}
}

@inproceedings{sato2001rule,
  title={Rule extraction from neural networks via decision tree induction},
  author={Sato, Makoto and Tsukimoto, Hiroshi},
  booktitle={IJCNN'01. International Joint Conference on Neural Networks. Proceedings (Cat. No. 01CH37222)},
  volume={3},
  pages={1870--1875},
  year={2001},
  organization={IEEE}
}

@incollection{cohen1995fast,
  title={Fast effective rule induction},
  author={Cohen, William W},
  booktitle={Machine learning proceedings 1995},
  pages={115--123},
  year={1995},
  publisher={Elsevier}
}

@inproceedings{zilke2016deepred,
author={Zilke, Jan Ruben
and Loza Menc{\'i}a, Eneldo
and Janssen, Frederik},
editor={Calders, Toon
and Ceci, Michelangelo
and Malerba, Donato},
title={DeepRED -- Rule Extraction from Deep Neural Networks},
booktitle={Discovery Science},
year={2016},
publisher={Springer International Publishing},
address={Cham},
pages={457--473},
isbn={978-3-319-46307-0"}
}

@article{guidotti2018local,
  title={Local rule-based explanations of black box decision systems},
  author={Guidotti, Riccardo and Monreale, Anna and Ruggieri, Salvatore and Pedreschi, Dino and Turini, Franco and Giannotti, Fosca},
  journal={arXiv preprint arXiv:1805.10820},
  year={2018}
}

@article{doshi2017towards,
  title={Towards a rigorous science of interpretable machine learning},
  author={Doshi-Velez, Finale and Kim, Been},
  journal={arXiv preprint arXiv:1702.08608},
  year={2017}
}





@inproceedings{caruana2015intelligible,
  title={Intelligible models for healthcare: Predicting pneumonia risk and hospital 30-day readmission},
  author={Caruana, Rich and Lou, Yin and Gehrke, Johannes and Koch, Paul and Sturm, Marc and Elhadad, Noemie},
  booktitle={Proceedings of the 21th ACM SIGKDD international conference on knowledge discovery and data mining},
  pages={1721--1730},
  year={2015}
}


@inproceedings{selvaraju2017grad,
  title={Grad-cam: Visual explanations from deep networks via gradient-based localization},
  author={Selvaraju, Ramprasaath R and Cogswell, Michael and Das, Abhishek and Vedantam, Ramakrishna and Parikh, Devi and Batra, Dhruv},
  booktitle={Proceedings of the IEEE international conference on computer vision},
  pages={618--626},
  year={2017}
}

@article{simonyan2013deep,
  title={Deep inside convolutional networks: Visualising image classification models and saliency maps},
  author={Simonyan, Karen and Vedaldi, Andrea and Zisserman, Andrew},
  journal={arXiv preprint arXiv:1312.6034},
  year={2013}
}

@inproceedings{zeiler2014visualizing,
  title={Visualizing and understanding convolutional networks},
  author={Zeiler, Matthew D and Fergus, Rob},
  booktitle={European conference on computer vision},
  pages={818--833},
  year={2014},
  organization={Springer}
}

@article{Das2020OpportunitiesAC,
  title={Opportunities and Challenges in Explainable Artificial Intelligence (XAI): A Survey},
  author={A. Das and P. Rad},
  journal={ArXiv},
  year={2020},
  volume={abs/2006.11371}
}



@article{letham2015interpretable,
  title={Interpretable classifiers using rules and bayesian analysis: Building a better stroke prediction model},
  author={Letham, Benjamin and Rudin, Cynthia and McCormick, Tyler H and Madigan, David and others},
  journal={Annals of Applied Statistics},
  volume={9},
  number={3},
  pages={1350--1371},
  year={2015},
  publisher={Institute of Mathematical Statistics}
}



@article{quinlan1986induction,
  title={Induction of decision trees},
  author={Quinlan, J. Ross},
  journal={Machine learning},
  volume={1},
  number={1},
  pages={81--106},
  year={1986},
  publisher={Springer}
}


@article{holte1993very,
  title={Very simple classification rules perform well on most commonly used datasets},
  author={Holte, Robert C},
  journal={Machine learning},
  volume={11},
  number={1},
  pages={63--90},
  year={1993},
  publisher={Springer}
}


@article{ribeiro2016model,
  title={Model-agnostic interpretability of machine learning},
  author={Ribeiro, Marco Tulio and Singh, Sameer and Guestrin, Carlos},
  journal={arXiv preprint arXiv:1606.05386},
  year={2016}
}

@inproceedings{ribeiro2018anchors,
  title={Anchors: High-precision model-agnostic explanations},
  author={Ribeiro, Marco Tulio and Singh, Sameer and Guestrin, Carlos},
  booktitle={Proceedings of the AAAI Conference on Artificial Intelligence},
  volume={32},
  year={2018}
}

@article{lundberg2017unified,
  title={A unified approach to interpreting model predictions},
  author={Lundberg, Scott and Lee, Su-In},
  journal={arXiv preprint arXiv:1705.07874},
  year={2017}
}


@article{quine1952problem,
  title={The problem of simplifying truth functions},
  author={Quine, Willard V},
  journal={The American mathematical monthly},
  volume={59},
  number={8},
  pages={521--531},
  year={1952},
  publisher={Taylor \& Francis}
}

@article{mccluskey1956minimization,
  title={Minimization of Boolean functions},
  author={McCluskey, Edward J},
  journal={The Bell System Technical Journal},
  volume={35},
  number={6},
  pages={1417--1444},
  year={1956},
  publisher={Nokia Bell Labs}
}



@article{mccoll1878calculus,
  title={The calculus of equivalent statements (third paper)},
  author={McColl, Hugh},
  journal={Proceedings of the London Mathematical Society},
  volume={1},
  number={1},
  pages={16--28},
  year={1878},
  publisher={Oxford Academic}
}

@inproceedings{ribeiro2016should,
  title={" Why should i trust you?" Explaining the predictions of any classifier},
  author={Ribeiro, Marco Tulio and Singh, Sameer and Guestrin, Carlos},
  booktitle={Proceedings of the 22nd ACM SIGKDD international conference on knowledge discovery and data mining},
  pages={1135--1144},
  year={2016}
}

@article{tavares2020understanding,
  title={Understanding boolean function learnability on deep neural networks},
  author={Tavares, Anderson R and Avelar, Pedro and Flach, Jo{\~a}o M and Nicolau, Marcio and Lamb, Luis C and Vardi, Moshe},
  journal={arXiv preprint arXiv:2009.05908},
  year={2020}
}


@article{cowan2001magical,
  title={The magical number 4 in short-term memory: A reconsideration of mental storage capacity},
  author={Cowan, Nelson},
  journal={Behavioral and brain sciences},
  volume={24},
  number={1},
  pages={87--114},
  year={2001},
  publisher={Cambridge University Press}
}
@article{ma2014changing,
  title={Changing concepts of working memory},
  author={Ma, Wei Ji and Husain, Masud and Bays, Paul M},
  journal={Nature neuroscience},
  volume={17},
  number={3},
  pages={347},
  year={2014},
  publisher={Nature Publishing Group}
}


@article{goddard2017eu,
  title={The EU General Data Protection Regulation (GDPR): European regulation that has a global impact},
  author={Goddard, Michelle},
  journal={International Journal of Market Research},
  volume={59},
  number={6},
  pages={703--705},
  year={2017},
  publisher={SAGE Publications Sage UK: London, England}
}

@article{rivest1987learning,
  title={Learning decision lists},
  author={Rivest, Ronald L},
  journal={Machine learning},
  volume={2},
  number={3},
  pages={229--246},
  year={1987},
  publisher={Springer}
}
@inproceedings{lou2012intelligible,
  title={Intelligible models for classification and regression},
  author={Lou, Yin and Caruana, Rich and Gehrke, Johannes},
  booktitle={Proceedings of the 18th ACM SIGKDD international conference on Knowledge discovery and data mining},
  pages={150--158},
  year={2012}
}

@misc{angelino2018learning,
      title={Learning Certifiably Optimal Rule Lists for Categorical Data}, 
      author={Elaine Angelino and Nicholas Larus-Stone and Daniel Alabi and Margo Seltzer and Cynthia Rudin},
      year={2018},
      eprint={1704.01701},
      archivePrefix={arXiv},
      primaryClass={stat.ML}
}


@article{chen2020concept,
  title={Concept whitening for interpretable image recognition},
  author={Chen, Zhi and Bei, Yijie and Rudin, Cynthia},
  journal={Nature Machine Intelligence},
  volume={2},
  number={12},
  pages={772--782},
  year={2020},
  publisher={Nature Publishing Group}
}



@article{kazhdan2020now,
  title={Now You See Me (CME): Concept-based Model Extraction},
  author={Kazhdan, Dmitry and Dimanov, Botty and Jamnik, Mateja and Li{\`o}, Pietro and Weller, Adrian},
  journal={arXiv preprint arXiv:2010.13233},
  year={2020}
}


@article{saeed2011multiparameter,
  title={Multiparameter Intelligent Monitoring in Intensive Care II (MIMIC-II): a public-access intensive care unit database},
  author={Saeed, Mohammed and Villarroel, Mauricio and Reisner, Andrew T and Clifford, Gari and Lehman, Li-Wei and Moody, George and Heldt, Thomas and Kyaw, Tin H and Moody, Benjamin and Mark, Roger G},
  journal={Critical care medicine},
  volume={39},
  number={5},
  pages={952},
  year={2011},
  publisher={NIH Public Access}
}

@article{goldberger2000physiobank,
  title={PhysioBank, PhysioToolkit, and PhysioNet: components of a new research resource for complex physiologic signals},
  author={Goldberger, Ary L and Amaral, Luis AN and Glass, Leon and Hausdorff, Jeffrey M and Ivanov, Plamen Ch and Mark, Roger G and Mietus, Joseph E and Moody, George B and Peng, Chung-Kang and Stanley, H Eugene},
  journal={circulation},
  volume={101},
  number={23},
  pages={e215--e220},
  year={2000},
  publisher={Am Heart Assoc}
}


@article{simon1956rational,
  title={Rational choice and the structure of the environment.},
  author={Simon, Herbert A},
  journal={Psychological review},
  volume={63},
  number={2},
  pages={129},
  year={1956},
  publisher={American Psychological Association}
}

@article{simon1979rational,
  title={Rational decision making in business organizations},
  author={Simon, Herbert A},
  journal={The American economic review},
  volume={69},
  number={4},
  pages={493--513},
  year={1979},
  publisher={JSTOR}
}


@article{krzywinski2013error,
  title={Error bars: the meaning of error bars is often misinterpreted, as is the statistical significance of their overlap},
  author={Krzywinski, Martin and Altman, Naomi},
  journal={Nature methods},
  volume={10},
  number={10},
  pages={921--923},
  year={2013},
  publisher={Nature Publishing Group}
}


@inproceedings{he2016deep,
  title={Deep residual learning for image recognition},
  author={He, Kaiming and Zhang, Xiangyu and Ren, Shaoqing and Sun, Jian},
  booktitle={Proceedings of the IEEE conference on computer vision and pattern recognition},
  pages={770--778},
  year={2016}
}


@article{lecun1998mnist,
  title={The MNIST database of handwritten digits},
  author={LeCun, Yann},
  journal={http://yann. lecun. com/exdb/mnist/},
  year={1998}
}



@article{han2000mining,
  title={Mining frequent patterns without candidate generation},
  author={Han, Jiawei and Pei, Jian and Yin, Yiwen},
  journal={ACM sigmod record},
  volume={29},
  number={2},
  pages={1--12},
  year={2000},
  publisher={ACM New York, NY, USA}
}

@article{hastie1987generalized,
  title={Generalized additive models: some applications},
  author={Hastie, Trevor and Tibshirani, Robert},
  journal={Journal of the American Statistical Association},
  volume={82},
  number={398},
  pages={371--386},
  year={1987},
  publisher={Taylor \& Francis}
}

@book{breiman1984classification,
  title={Classification and regression trees},
  author={Breiman, Leo and Friedman, Jerome and Stone, Charles J and Olshen, Richard A},
  year={1984},
  publisher={CRC press}
}

@book{quinlan2014c4,
  title={C4. 5: programs for machine learning},
  author={Quinlan, J Ross},
  year={2014},
  publisher={Elsevier}
}

@inproceedings{ciravegna2020human,
  title={Human-driven FOL explanations of deep learning},
  author={Ciravegna, Gabriele and Giannini, Francesco and Gori, Marco and Maggini, Marco and Melacci, Stefano},
  booktitle={Twenty-Ninth International Joint Conference on Artificial Intelligence and Seventeenth Pacific Rim International Conference on Artificial Intelligence $\{$IJCAI-PRICAI-20$\}$},
  pages={2234--2240},
  year={2020},
  organization={International Joint Conferences on Artificial Intelligence Organization}
}

@inproceedings{ciravegna2020constraint,
  title={A Constraint-Based Approach to Learning and Explanation.},
  author={Ciravegna, Gabriele and Giannini, Francesco and Melacci, Stefano and Maggini, Marco and Gori, Marco},
  booktitle={AAAI},
  pages={3658--3665},
  year={2020}
}


@article{arrieta2020explainable,
  title={Explainable Artificial Intelligence (XAI): Concepts, taxonomies, opportunities and challenges toward responsible AI},
  author={Arrieta, Alejandro Barredo and D{\'\i}az-Rodr{\'\i}guez, Natalia and Del Ser, Javier and Bennetot, Adrien and Tabik, Siham and Barbado, Alberto and Garc{\'\i}a, Salvador and Gil-L{\'o}pez, Sergio and Molina, Daniel and Benjamins, Richard and others},
  journal={Information Fusion},
  volume={58},
  pages={82--115},
  year={2020},
  publisher={Elsevier}
}

@article{rudin2021interpretable,
  title={Interpretable machine learning: Fundamental principles and 10 grand challenges},
  author={Rudin, Cynthia and Chen, Chaofan and Chen, Zhi and Huang, Haiyang and Semenova, Lesia and Zhong, Chudi},
  journal={arXiv preprint arXiv:2103.11251},
  year={2021}
}



@inproceedings{ahmad2018interpretable,
  title={Interpretable machine learning in healthcare},
  author={Ahmad, Muhammad Aurangzeb and Eckert, Carly and Teredesai, Ankur},
  booktitle={Proceedings of the 2018 ACM international conference on bioinformatics, computational biology, and health informatics},
  pages={559--560},
  year={2018}
}

@incollection{doshi2018considerations,
  title={Considerations for evaluation and generalization in interpretable machine learning},
  author={Doshi-Velez, Finale and Kim, Been},
  booktitle={Explainable and interpretable models in computer vision and machine learning},
  pages={3--17},
  year={2018},
  publisher={Springer}
}

@article{schmidt2009distilling,
  title={Distilling free-form natural laws from experimental data},
  author={Schmidt, Michael and Lipson, Hod},
  journal={science},
  volume={324},
  number={5923},
  pages={81--85},
  year={2009},
  publisher={American Association for the Advancement of Science}
}

@article{cranmer2019learning,
  title={Learning symbolic physics with graph networks},
  author={Cranmer, Miles D and Xu, Rui and Battaglia, Peter and Ho, Shirley},
  journal={arXiv preprint arXiv:1909.05862},
  year={2019}
}

@incollection{kindermans2019reliability,
  title={The (un) reliability of saliency methods},
  author={Kindermans, Pieter-Jan and Hooker, Sara and Adebayo, Julius and Alber, Maximilian and Sch{\"u}tt, Kristof T and D{\"a}hne, Sven and Erhan, Dumitru and Kim, Been},
  booktitle={Explainable AI: Interpreting, Explaining and Visualizing Deep Learning},
  pages={267--280},
  year={2019},
  publisher={Springer}
}


@article{soklakov2002occam,
  title={Occam’s razor as a formal basis for a physical theory},
  author={Soklakov, Andrei N},
  journal={Foundations of Physics Letters},
  volume={15},
  number={2},
  pages={107--135},
  year={2002},
  publisher={Springer}
}



@article{rathmanner2011philosophical,
  title={A philosophical treatise of universal induction},
  author={Rathmanner, Samuel and Hutter, Marcus},
  journal={Entropy},
  volume={13},
  number={6},
  pages={1076--1136},
  year={2011},
  publisher={Molecular Diversity Preservation International}
}

@book{simon1957models,
  title={Models of man; social and rational.},
  author={Simon, Herbert A},
  year={1957},
  publisher={New York: John Wiley and Sons, Inc.}
}

@article{paszke2019pytorch,
  title={Pytorch: An imperative style, high-performance deep learning library},
  author={Paszke, Adam and Gross, Sam and Massa, Francisco and Lerer, Adam and Bradbury, James and Chanan, Gregory and Killeen, Trevor and Lin, Zeming and Gimelshein, Natalia and Antiga, Luca and others},
  journal={arXiv preprint arXiv:1912.01703},
  year={2019}
}

@article{pedregosa2011scikit,
  title={Scikit-learn: Machine learning in Python},
  author={Pedregosa, Fabian and Varoquaux, Ga{\"e}l and Gramfort, Alexandre and Michel, Vincent and Thirion, Bertrand and Grisel, Olivier and Blondel, Mathieu and Prettenhofer, Peter and Weiss, Ron and Dubourg, Vincent and others},
  journal={the Journal of machine Learning research},
  volume={12},
  pages={2825--2830},
  year={2011},
  publisher={JMLR. org}
}

@article{loshchilov2017decoupled,
  title={Decoupled weight decay regularization},
  author={Loshchilov, Ilya and Hutter, Frank},
  journal={arXiv preprint arXiv:1711.05101},
  year={2017}
}



@article{alvarez2018towards,
  title={Towards robust interpretability with self-explaining neural networks},
  author={Alvarez-Melis, David and Jaakkola, Tommi S},
  journal={arXiv preprint arXiv:1806.07538},
  year={2018}
}

@article{battaglia2018relational,
  title={Relational inductive biases, deep learning, and graph networks},
  author={Battaglia, Peter W and Hamrick, Jessica B and Bapst, Victor and Sanchez-Gonzalez, Alvaro and Zambaldi, Vinicius and Malinowski, Mateusz and Tacchetti, Andrea and Raposo, David and Santoro, Adam and Faulkner, Ryan and others},
  journal={arXiv preprint arXiv:1806.01261},
  year={2018}
}

@article{dosovitskiy2020image,
  title={An image is worth 16x16 words: Transformers for image recognition at scale},
  author={Dosovitskiy, Alexey and Beyer, Lucas and Kolesnikov, Alexander and Weissenborn, Dirk and Zhai, Xiaohua and Unterthiner, Thomas and Dehghani, Mostafa and Minderer, Matthias and Heigold, Georg and Gelly, Sylvain and others},
  journal={arXiv preprint arXiv:2010.11929},
  year={2020}
}

@inproceedings{xie2020self,
  title={Self-training with noisy student improves imagenet classification},
  author={Xie, Qizhe and Luong, Minh-Thang and Hovy, Eduard and Le, Quoc V},
  booktitle={Proceedings of the IEEE/CVF Conference on Computer Vision and Pattern Recognition},
  pages={10687--10698},
  year={2020}
}

@article{devlin2018bert,
  title={Bert: Pre-training of deep bidirectional transformers for language understanding},
  author={Devlin, Jacob and Chang, Ming-Wei and Lee, Kenton and Toutanova, Kristina},
  journal={arXiv preprint arXiv:1810.04805},
  year={2018}
}

@article{su2019one,
  title={One pixel attack for fooling deep neural networks},
  author={Su, Jiawei and Vargas, Danilo Vasconcellos and Sakurai, Kouichi},
  journal={IEEE Transactions on Evolutionary Computation},
  volume={23},
  number={5},
  pages={828--841},
  year={2019},
  publisher={IEEE}
}



@article{mckelvey1975statistical,
  title={A statistical model for the analysis of ordinal level dependent variables},
  author={McKelvey, Richard D and Zavoina, William},
  journal={Journal of Mathematical Sociology},
  volume={4},
  number={1},
  pages={103--120},
  year={1975},
  publisher={Taylor \& Francis}
}

@book{minsky2017perceptrons,
  title={Perceptrons: An introduction to computational geometry},
  author={Minsky, Marvin and Papert, Seymour A},
  year={2017},
  publisher={MIT press}
}





